<?xml version="1.0" encoding="utf-8"?>
<record xmlns="http://www.loc.gov/MARC21/slim" xmlns:xsi="http://www.w3.org/2001/XMLSchema-instance" xsi:schemaLocation="http://www.loc.gov/MARC21/slim http://www.loc.gov/standards/marcxml/schema/MARC21slim.xsd">
	<leader>     nam a22     Mi 4500</leader>
	<controlfield tag="001">b1246501x</controlfield>
	<controlfield tag="003">UaCaAUL</controlfield>
	<controlfield tag="006">m        d        </controlfield>
	<controlfield tag="007">cr cn |||m|||a</controlfield>
	<controlfield tag="008">200513s1934    ua      ob    001 0 ara d</controlfield>
	<datafield ind1=" " ind2=" " tag="040">
		<subfield code="a">ZYU</subfield>
		<subfield code="b">ara</subfield>
		<subfield code="e">rda</subfield>
		<subfield code="c">ZYU</subfield>
	</datafield>
	<datafield ind1=" " ind2="4" tag="050">
		<subfield code="a">PJ7701.6.T35</subfield>
		<subfield code="b">Z56 1934</subfield>
	</datafield>
	<datafield ind1="1" ind2=" " tag="100">
		<subfield code="6">880-01</subfield>
		<subfield code="a">Badīʻī, Yūsuf,</subfield>
		<subfield code="d">-1662 or 1663.</subfield>
	</datafield>
	<datafield ind1="1" ind2="0" tag="245">
		<subfield code="6">880-02</subfield>
		<subfield code="a">Hibat al-ayyām fīmā yataʻallaqa bi-Abī Tammām /</subfield>
		<subfield code="c">li-muʼallifihi al-marḥūm al-shaykh Yūsuf al-Badīʻī, qāḍī al-Mūṣil al-mutawaffā sanat 1073 H ; maʻa taʻlīq ḥawāshihi bi-al-sharḥ wa-al-naqd, wa-taḥlīl mā warada bi-hi min shakhṣīyāt, wa-al-ifāḍah fīmā ushīra ilayhi min tārīkh wa-adab, wa-ḍabṭ lil-shiʻr al-marwī, wa-al-mufāḍalah bayna ruwāyātih li-nāshirihi Maḥmūd Muṣṭafá, ustādh al-adab bi-Kullīyat al-Lughah al-ʻArabīyah min al-Jāmiʻah al-Azharīyah.</subfield>
	</datafield>
	<datafield ind1=" " ind2="1" tag="264">
		<subfield code="6">880-03</subfield>
		<subfield code="a">[Cairo] :</subfield>
		<subfield code="b">li-nāshirihi Maḥmūd Muṣṭafá,</subfield>
		<subfield code="c">1352 H, 1934 M.</subfield>
	</datafield>
	<datafield ind1=" " ind2="3" tag="264">
		<subfield code="6">880-04</subfield>
		<subfield code="a">al-Sayyidah Zaynab, [Cairo] :</subfield>
		<subfield code="b">Maṭbaʻat al-ʻUlūm bi-al-Sayyidah Zaynab.</subfield>
	</datafield>
	<datafield ind1=" " ind2=" " tag="300">
		<subfield code="a">online resource (311 pages)</subfield>
	</datafield>
	<datafield ind1=" " ind2=" " tag="336">
		<subfield code="a">text</subfield>
		<subfield code="2">rdacontent</subfield>
	</datafield>
	<datafield ind1=" " ind2=" " tag="337">
		<subfield code="a">computer</subfield>
		<subfield code="2">rdamedia</subfield>
	</datafield>
	<datafield ind1=" " ind2=" " tag="338">
		<subfield code="a">online resource</subfield>
		<subfield code="2">rdacarrier</subfield>
	</datafield>
	<datafield ind1=" " ind2=" " tag="500">
		<subfield code="6">880-05</subfield>
		<subfield code="a">Ḥaqq al-ṭabʻ lil-nāshir.</subfield>
	</datafield>
	<datafield ind1=" " ind2=" " tag="500">
		<subfield code="6">880-06</subfield>
		<subfield code="a">Wa-qadd tafaḍḍal bi-murājaʻat ṭabʻihi khirrīj Dār al-ʻUlūm wa-al-mudarris bi-al-Madāris al-Amīrīyah al-ustādh Sayyid bay Aḥmad.</subfield>
	</datafield>
	<datafield ind1=" " ind2=" " tag="500">
		<subfield code="a">Includes errata pages.</subfield>
	</datafield>
	<datafield ind1=" " ind2=" " tag="500">
		<subfield code="a">Part of the Arabic Collections Online (ACO) project, contributed by American University in Cairo Library.</subfield>
	</datafield>
	<datafield ind1=" " ind2=" " tag="504">
		<subfield code="a">Includes bibliographical references and indexes.</subfield>
	</datafield>
	<datafield ind1=" " ind2=" " tag="520">
		<subfield code="a">An account of the life of Abu Tammām with copious extracts from his poetry. Edited with notes by Maḥmūd Muṣṭafa.</subfield>
	</datafield>
	<datafield ind1=" " ind2=" " tag="533">
		<subfield code="a">Electronic reproduction.</subfield>
		<subfield code="b">New York, N.Y. :</subfield>
		<subfield code="c">New York University,</subfield>
		<subfield code="d">2020.</subfield>
		<subfield code="5">NNU</subfield>
	</datafield>
	<datafield ind1="0" ind2="0" tag="600">
		<subfield code="6">880-07</subfield>
		<subfield code="a">Abū Tammām Ḥabīb ibn Aws al-Ṭāʼī,</subfield>
		<subfield code="d">active 808-842.</subfield>
	</datafield>
	<datafield ind1="0" ind2="0" tag="600">
		<subfield code="6">880-08</subfield>
		<subfield code="a">Abū Tammām Ḥabīb ibn Aws al-Ṭāʼī,</subfield>
		<subfield code="d">active 808-842</subfield>
		<subfield code="x">Criticism and interpretation.</subfield>
	</datafield>
	<datafield ind1="0" ind2="4" tag="600">
		<subfield code="a">Abū Tammām Ḥabīb ibn Aws al-Ṭāʼī,</subfield>
		<subfield code="d">active 808-842</subfield>
		<subfield code="x">Criticism and interpretation.</subfield>
	</datafield>
	<datafield ind1="0" ind2="7" tag="600">
		<subfield code="a">Abū Tammām Ḥabīb ibn Aws al-Ṭāʼī,</subfield>
		<subfield code="d">active 808-842.</subfield>
		<subfield code="2">fast</subfield>
		<subfield code="0">(OCoLC)fst01803260</subfield>
	</datafield>
	<datafield ind1=" " ind2="7" tag="655">
		<subfield code="a">Criticism, interpretation, etc.</subfield>
		<subfield code="2">fast</subfield>
		<subfield code="0">(OCoLC)fst01411635</subfield>
	</datafield>
	<datafield ind1="1" ind2=" " tag="700">
		<subfield code="6">880-09</subfield>
		<subfield code="a">Muṣṭafá, Maḥmūd.</subfield>
	</datafield>
	<datafield ind1="2" ind2=" " tag="710">
		<subfield code="a">American University in Cairo.</subfield>
		<subfield code="b">Library.</subfield>
	</datafield>
	<datafield ind1="0" ind2=" " tag="730">
		<subfield code="a">Arabic Collections Online.</subfield>
	</datafield>
	<datafield ind1="0" ind2="8" tag="776">
		<subfield code="i">Online version:</subfield>
		<subfield code="a">Badīʻī, Yūsuf, -1662 or 3.</subfield>
		<subfield code="t">Hibat al-ayyām fīmā yataʻallaq bi-ʼAbī Tammām.</subfield>
		<subfield code="d">[al-Qāhirah] : Maḥmūd Muṣṭafā, 1934</subfield>
		<subfield code="w">(OCoLC)582706754</subfield>
	</datafield>
	<datafield ind1="0" ind2="8" tag="776">
		<subfield code="i">Print version:</subfield>
		<subfield code="a">Badīʻī, Yūsuf, -1662 or 1663.</subfield>
		<subfield code="t">Hibat al-ayyām fīmā yataʻallaqa bi-Abī Tammām</subfield>
		<subfield code="w">(UaCaAUL)b1246501x</subfield>
		<subfield code="w">(OCoLC)60506401</subfield>
	</datafield>
	<datafield ind1="4" ind2="0" tag="856">
		<subfield code="u">http://hdl.handle.net/2333.1/9cnp5tfr</subfield>
	</datafield>
	<datafield ind1="1" ind2=" " tag="880">
		<subfield code="6">100-01</subfield>
		<subfield code="a">بديعي، يوسف،</subfield>
		<subfield code="d">-1662 أو 1663.</subfield>
	</datafield>
	<datafield ind1="1" ind2="0" tag="880">
		<subfield code="6">245-02</subfield>
		<subfield code="a">هبة الأيام فيما يتعلق بأبي تمام /</subfield>
		<subfield code="c">لمؤلفه المرحوم الشيخ يوسف البديعي، قاضي الموصل المتوفى سنة 1073 ه ؛ مع تعليق حواشه بالشرح والنقد، وتحليل ما ورد به من شخصيات، والافاضة فيما أشير إليه من تاريخ وأدب، وضبط للشعر المروي، والمفاضلة بين رواياته لناشره محمود مصطفى، أستاذ الأدب بكلية اللغة العربية من الجامعة الأزهرية.</subfield>
	</datafield>
	<datafield ind1=" " ind2="1" tag="880">
		<subfield code="6">264-03</subfield>
		<subfield code="a">[Cairo] :</subfield>
		<subfield code="b">لناشره محمود مصطفى،</subfield>
		<subfield code="c">1352 ه، 1934 م.</subfield>
	</datafield>
	<datafield ind1=" " ind2="3" tag="880">
		<subfield code="6">264-04</subfield>
		<subfield code="a">السيدة زينب، [Cairo] :</subfield>
		<subfield code="b">مطبعة العلوم بالسيدة زينب.</subfield>
	</datafield>
	<datafield ind1=" " ind2=" " tag="880">
		<subfield code="6">500-05</subfield>
		<subfield code="a">حق الطبع للناشر.</subfield>
	</datafield>
	<datafield ind1=" " ind2=" " tag="880">
		<subfield code="6">500-06</subfield>
		<subfield code="a">وقد تفضل بمراجعة طبعه خريج دار العلوم والمدرس بالمدارس الأميرية الأستاذ سيد بي أحمد.</subfield>
	</datafield>
	<datafield ind1="0" ind2="4" tag="880">
		<subfield code="6">600-07</subfield>
		<subfield code="a">أبو تمام حبيب بن أوس الطائي،,</subfield>
		<subfield code="d">842-808 active.</subfield>
	</datafield>
	<datafield ind1="0" ind2="4" tag="880">
		<subfield code="6">600-08</subfield>
		<subfield code="a">أبو تمام حبيب بن أوس الطائي،,</subfield>
		<subfield code="d">842-808 active</subfield>
		<subfield code="x">نقد وتحليل.</subfield>
	</datafield>
	<datafield ind1="1" ind2=" " tag="880">
		<subfield code="6">700-09</subfield>
		<subfield code="a">مصطفى, محمود.</subfield>
	</datafield>
	<datafield ind1=" " ind2=" " tag="959">
		<subfield code="a">NNU</subfield>
		<subfield code="b">WEB</subfield>
		<subfield code="c">GENI</subfield>
		<subfield code="t">0</subfield>
		<subfield code="m">Electronic access</subfield>
		<subfield code="s">01</subfield>
	</datafield>
	<datafield ind1=" " ind2=" " tag="999">
		<subfield code="i">UaCaAUL_b1246501x</subfield>
		<subfield code="o">(OCoLC)ocm60506401</subfield>
		<subfield code="s">auc_aco001094:</subfield>
		<subfield code="s">auc_aco001094:</subfield>
	</datafield>
</record>
